<?xml version="1.0" encoding="UTF-8"?><collection xmlns="http://www.loc.gov/MARC21/slim"><record><leader>00355nam--2200133-i-4500</leader><controlfield tag="001">000008026</controlfield><controlfield tag="002">20161230</controlfield><controlfield tag="005">20161230201027</controlfield><controlfield tag="008">060222s1000------------r-----000-0-eng-d</controlfield><datafield ind1=" " ind2=" " tag="080"><subfield code="a">017</subfield></datafield><datafield ind1=" " ind2=" " tag="100"><subfield code="a">Diaz, Albert James</subfield></datafield><datafield ind1=" " ind2=" " tag="245"><subfield code="a">Guide to microforms in print, 1961, 1962, 1964, 1967</subfield></datafield><datafield ind1=" " ind2=" " tag="260"><subfield code="a">Washington, Microcard Editions, Inc., 1961</subfield></datafield><datafield ind1=" " ind2=" " tag="852"><subfield code="a">D.1060</subfield></datafield></record></collection>